<record><leader>00000cas a2200000 a 4500</leader><controlfield tag="001">20065063</controlfield><controlfield tag="008">890725d1891189utnudr ne      0    0eng d</controlfield><datafield ind1=" " ind2=" " tag="010"><subfield code="a">sn 89058437 </subfield></datafield><datafield ind1=" " ind2=" " tag="040"><subfield code="a">KNP</subfield><subfield code="b">eng</subfield><subfield code="c">KNP</subfield><subfield code="d">TGN</subfield><subfield code="d">OCL</subfield><subfield code="d">OCLCQ</subfield><subfield code="d">OCLCF</subfield><subfield code="d">OCLCO</subfield></datafield><datafield ind1="1" ind2=" " tag="029"><subfield code="a">AU@</subfield><subfield code="b">000020122048</subfield></datafield><datafield ind1=" " ind2=" " tag="042"><subfield code="a">msc</subfield></datafield><datafield ind1=" " ind2=" " tag="043"><subfield code="a">n-us-tn</subfield></datafield><datafield ind1="0" ind2=" " tag="130"><subfield code="a">Fair daily (Trenton, Tenn.)</subfield></datafield><datafield ind1="1" ind2="0" tag="245"><subfield code="a">Fair daily.</subfield></datafield><datafield ind1="1" ind2=" " tag="246"><subfield code="i">Issues for Oct. 11-15, 1892 have title:</subfield><subfield code="a">Trenton fair daily</subfield></datafield><datafield ind1=" " ind2=" " tag="260"><subfield code="a">Trenton, Tenn. :</subfield><subfield code="b">[s.n.],</subfield><subfield code="c">1891-</subfield></datafield><datafield ind1=" " ind2=" " tag="300"><subfield code="a">v. :</subfield><subfield code="b">ill.</subfield></datafield><datafield ind1=" " ind2=" " tag="310"><subfield code="a">Daily</subfield></datafield><datafield ind1="0" ind2=" " tag="362"><subfield code="a">Vol. 1, no. 1 (Oct. 13, 1891)-</subfield></datafield><datafield ind1=" " ind2=" " tag="515"><subfield code="a">Published for only one week in Oct. during the Gibson County Fair.</subfield></datafield><datafield ind1=" " ind2=" " tag="515"><subfield code="a">Not published in Oct. 1893 due to cancellation of the Gibson County Fair.</subfield></datafield><datafield ind1=" " ind2=" " tag="580"><subfield code="a">Weekly edition: Gibson County herald.</subfield></datafield><datafield ind1=" " ind2=" " tag="580"><subfield code="a">Daily edition for the 1890 Gibson County Fair has title: Evening herald.</subfield></datafield><datafield ind1=" " ind2=" " tag="580"><subfield code="a">Daily edition for the &lt;1899&gt; Gibson County Fair has title: Daily herald-democrat.</subfield></datafield><datafield ind1=" " ind2="0" tag="651"><subfield code="a">Trenton (Tenn.)</subfield><subfield code="v">Newspapers.</subfield></datafield><datafield ind1=" " ind2="0" tag="651"><subfield code="a">Gibson County (Tenn.)</subfield><subfield code="v">Newspapers.</subfield></datafield><datafield ind1=" " ind2="7" tag="655"><subfield code="a">Newspapers.</subfield><subfield code="2">fast</subfield><subfield code="0">(OCoLC)fst01423814</subfield></datafield><datafield ind1=" " ind2="7" tag="651"><subfield code="a">Tennessee</subfield><subfield code="z">Gibson County.</subfield><subfield code="2">fast</subfield><subfield code="0">(OCoLC)fst01219780</subfield></datafield><datafield ind1=" " ind2="7" tag="651"><subfield code="a">Tennessee</subfield><subfield code="z">Trenton.</subfield><subfield code="2">fast</subfield><subfield code="0">(OCoLC)fst01224280</subfield></datafield><datafield ind1=" " ind2=" " tag="752"><subfield code="a">United States</subfield><subfield code="b">Tennessee</subfield><subfield code="c">Gibson</subfield><subfield code="d">Trenton.</subfield></datafield><datafield ind1="1" ind2=" " tag="775"><subfield code="t">Gibson County herald</subfield><subfield code="w">(DLC)sn 89058255</subfield></datafield><datafield ind1="1" ind2=" " tag="787"><subfield code="t">Evening herald (Trenton, Tenn.)</subfield><subfield code="w">(DLC)sn 89058439</subfield></datafield><datafield ind1="1" ind2=" " tag="787"><subfield code="t">Daily herald-democrat</subfield><subfield code="w">(DLC)sn 89058435</subfield></datafield></record>